@article{Prasad2025,
  author  = {Prasad, U.},
  title   = {SQL and the relational model: Enduring standards in the age of AI},
  journal = {Dataversity},
  year    = {2025},
  month   = {3},
  day     = {4},
  url     = {https://www.dataversity.net/sql-and-the-relational-model-enduring-standards-in-the-age-of-ai/},
}

@article{Codd1970,
  author    = {Codd, E. F.},
  title     = {A Relational Model of Data for Large Shared Data Banks},
  journal   = {Communications of the ACM},
  volume    = {13},
  number    = {6},
  pages     = {377--387},
  year      = {1970},
  doi       = {10.1145/362384.362685},
  url       = {https://rebelsky.cs.grinnell.edu/Courses/CS302/2007S/Readings/codd-1970.pdf},
}
@article{Nadkarni2001,
  author  = {Nadkarni, P. M. and Marenco, L. and Chen, R. and Skoufos, E. and Shepherd, G. M.},
  title   = {Organization of heterogeneous scientific data using the EAV/CR representation},
  journal = {Journal of the American Medical Informatics Association},
  volume  = {8},
  number  = {1},
  pages   = {217--236},
  year    = {2001},
  doi     = {10.1136/jamia.2001.0080217},
  url     = {https://www.ncbi.nlm.nih.gov/pmc/articles/PMC61391/},
}

@article{LiBox2005,
  author  = {Li, C. and Box, D.},
  title   = {A metadata-driven EAV database design to support dynamic attributes in web applications},
  journal = {Journal of Database Management},
  volume  = {16},
  number  = {4},
  pages   = {1--23},
  year    = {2005},
  doi     = {10.4018/jdm.2005100101},
  url     = {https://www.sciencedirect.com/science/article/pii/S1532046405000502},
}

@inproceedings{ErdemFinin2009,
  author    = {Erdem, H. and Finin, T.},
  title     = {Supporting dynamic attributes: An EAV variant for metadata-driven databases},
  booktitle = {Proceedings of the 2nd International Conference on Advances in Databases, Knowledge, and Data Applications},
  pages     = {45--56},
  year      = {2009},
  publisher = {Springer},
  doi       = {10.1007/978-3-540-25949-2_5},
}

@online{Nielsen2014,
  author      = {Nielsen, Jakob},
  title       = {Placeholders in form fields are harmful},
  year        = {2014},
  institution = {Nielsen Norman Group},
  url         = {https://www.nngroup.com/articles/form-design-placeholders/},
}

@article{Galletta2006,
  author  = {Galletta, D. F. and Henry, R. M. and McCoy, S. and Polak, P.},
  title   = {When the wait isn't so bad: The interacting effects of website delay, familiarity, and breadth},
  journal = {Journal of the Association for Information Systems},
  volume  = {7},
  number  = {1},
  pages   = {3--28},
  year    = {2006},
  doi     = {10.17705/1jais.00107},
}

@article{Leavitt2010,
  author  = {Leavitt, Nathan},
  title   = {Platform as a service},
  journal = {Computer},
  volume  = {43},
  number  = {2},
  pages   = {4--6},
  year    = {2010},
  doi     = {10.1109/MC.2010.58},
}

@book{Date2003,
  author    = {Date, C. J.},
  title     = {An Introduction to Database Systems},
  edition   = {8},
  publisher = {Addison-Wesley},
  year      = {2003},
}

@article{Parnas1972,
  author  = {Parnas, David L.},
  title   = {On the criteria to be used in decomposing systems into modules},
  journal = {Communications of the ACM},
  volume  = {15},
  number  = {12},
  pages   = {1053--1058},
  year    = {1972},
  doi     = {10.1145/361598.361623},
}

@online{OWASP2017,
  author      = {{OWASP Foundation}},
  title       = {OWASP Top Ten 2017: The Ten Most Critical Web Application Security Risks},
  year        = {2017},
  url         = {https://owasp.org/www-project-top-ten/2017/},
}

@online{Nielsen2016,
  author      = {Nielsen, Jakob},
  title       = {Error message guidelines},
  year        = {2016},
  institution = {Nielsen Norman Group},
  url         = {https://www.nngroup.com/articles/error-message-guidelines/},
}

@book{Sadalage2012,
  author    = {Sadalage, P. and Fowler, M.},
  title     = {NoSQL Distilled: A Brief Guide to the Emerging World of Polyglot Persistence},
  publisher = {Addison-Wesley},
  year      = {2012},
}

@book{Gray1992,
  author    = {Gray, J. and Reuter, A.},
  title     = {Transaction Processing: Concepts and Techniques},
  publisher = {Morgan Kaufmann},
  year      = {1992},
}

@article{Haerder1983,
  author  = {Haerder, T. and Reuter, A.},
  title   = {Principles of Transaction-Oriented Database Recovery},
  journal = {ACM Computing Surveys},
  volume  = {15},
  number  = {4},
  pages   = {287--317},
  year    = {1983},
  doi     = {10.1145/289.291},
}